

?? volume={185}
@incollection{Kullmann2009Fundaments,
  author    = {Oliver Kullmann},
  title     = {Fundaments of Branching Heuristics},
  booktitle = {Handbook of Satisfiability},
  pages     = {205--244},
  year      = {2009},
  crossref  = {DBLP:series/faia/2009-185},
  doi       = {10.3233/978-1-58603-929-5-205}
}
Handbook missing

@article{Andrew1983handbook,
  title={The Handbook Of Artificial Intelligence},
??

@incollection{BjesseKDSZ03,
  author    = {Per Bjesse and James H. Kukula and Robert F. Damiano and Ted Stanion and Yunshan Zhu},
  title     = {Guiding {SAT} Diagnosis with Tree Decompositions},
  booktitle = {Theory and Applications of Satisfiability Testing, 6th International Conference, {SAT} 2003. Santa Margherita Ligure, Italy, May 5-8, 2003, Selected Revised Papers},
  pages     = {315--329},
  year      = {2003},
  crossref  = {DBLP:conf/sat/2003},
  doi       = {10.1007/978-3-540-24605-3_24}
}
Collection?

@article{Beame2004Towards,
  title={Towards understanding and harnessing the potential of clause learning},
  author={Paul Beame and Henry Kautz and Ashish Sabharwal},
  journal={Journal of Artificial Intelligence Research},
  pages={319--351},
  year={2004}
}
doi ??

@article{DBLP:journals/rsa/BraunsteinMZ05,
  author    = {Alfredo Braunstein and
               Marc M{\'{e}}zard and
               Riccardo Zecchina},
  title     = {Survey propagation: An algorithm for satisfiability},
  journal   = {Random Struct. Algorithms},
  volume    = {27},
  number    = {2},
  pages     = {201--226},
  year      = {2005},
  url       = {http://dx.doi.org/10.1002/rsa.20057},
  doi       = {10.1002/rsa.20057},
  timestamp = {Fri, 01 Dec 2006 08:42:00 +0100},
  biburl    = {http://dblp.uni-trier.de/rec/bib/journals/rsa/BraunsteinMZ05},
  bibsource = {dblp computer science bibliography, http://dblp.org}
}

@book{bullen2013handbook,
  title={Handbook of means and their inequalities},
  author={Bullen, Peter S},
  volume={560},
  year={2013},
  publisher={Springer Science \& Business Media}
}

@book{cull2005difference,
  title={Difference equations: from rabbits to chaos},
  author={Cull, Paul and Flahive, Mary and Robson, Robby},
  year={2005},
  publisher={Springer Science \& Business Media}
}

@inproceedings{dubois1993sat,
  title={Sat versus unsat},
  author={Dubois, Olivier and Andr{\'e}, Pascal and Boufkhad, Yacine and Carlier, Jacques},
  booktitle={Proceedings of the Second DIMACS Challenge},
  volume={262},
  year={1993}
}

@article{DBLP:journals/talg/Eppstein06,
  author    = {David Eppstein},
  title     = {Quasiconvex analysis of multivariate recurrence equations for backtracking
               algorithms},
  journal   = {{ACM} Transactions on Algorithms},
  volume    = {2},
  number    = {4},
  pages     = {492--509},
  year      = {2006},
  url       = {http://doi.acm.org/10.1145/1198513.1198515},
  doi       = {10.1145/1198513.1198515},
  timestamp = {Tue, 06 Mar 2007 10:15:49 +0100},
  biburl    = {http://dblp.uni-trier.de/rec/bib/journals/talg/Eppstein06},
  bibsource = {dblp computer science bibliography, http://dblp.org}
}

@inproceedings{DBLP:conf/sat/EenS03,
  author    = {Niklas E{\'{e}}n and
               Niklas S{\"{o}}rensson},
  title     = {An Extensible SAT-solver},
  booktitle = {Theory and Applications of Satisfiability Testing, 6th International
               Conference, {SAT} 2003. Santa Margherita Ligure, Italy, May 5-8, 2003
               Selected Revised Papers},
  pages     = {502--518},
  year      = {2003},
  crossref  = {DBLP:conf/sat/2003},
  url       = {http://dx.doi.org/10.1007/978-3-540-24605-3_37},
  doi       = {10.1007/978-3-540-24605-3_37},
  timestamp = {Wed, 06 Jul 2011 21:20:44 +0200},
  biburl    = {http://dblp.uni-trier.de/rec/bib/conf/sat/EenS03},
  bibsource = {dblp computer science bibliography, http://dblp.org}
}

@article{DBLP:journals/eatcs/FominGK05,
  author    = {Fedor V. Fomin and
               Fabrizio Grandoni and
               Dieter Kratsch},
  title     = {Some New Techniques in Design and Analysis of Exact (Exponential)
               Algorithms},
  journal   = {Bulletin of the {EATCS}},
  volume    = {87},
  pages     = {47--77},
  year      = {2005},
  timestamp = {Mon, 14 Nov 2005 13:19:14 +0100},
  biburl    = {http://dblp.uni-trier.de/rec/bib/journals/eatcs/FominGK05},
  bibsource = {dblp computer science bibliography, http://dblp.org}
}

@article{DBLP:journals/jucs/FrancoKSWDV04,
  author    = {John V. Franco and
               Michal Kouril and
               John S. Schlipf and
               Sean Weaver and
               Michael Dransfield and
               W. Mark Vanfleet},
  title     = {Function-Complete Lookahead in Support of Efficient {SAT} Search Heuristics},
  journal   = {J. {UCS}},
  volume    = {10},
  number    = {12},
  pages     = {1655--1695},
  year      = {2004},
  url       = {http://dx.doi.org/10.3217/jucs-010-12-1655},
  doi       = {10.3217/jucs-010-12-1655},
  timestamp = {Tue, 28 Apr 2015 17:32:24 +0200},
  biburl    = {http://dblp.uni-trier.de/rec/bib/journals/jucs/FrancoKSWDV04},
  bibsource = {dblp computer science bibliography, http://dblp.org}
}





% sometimes in dblp it has two parts in one citation.

@inproceedings{DBLP:conf/date/GoldbergN02,
  author    = {Evguenii I. Goldberg and
               Yakov Novikov},
  title     = {BerkMin: {A} Fast and Robust Sat-Solver},
  booktitle = {2002 Design, Automation and Test in Europe Conference and Exposition
               {(DATE} 2002), 4-8 March 2002, Paris, France},
  pages     = {142--149},
  year      = {2002},
  crossref  = {DBLP:conf/date/2002},
  url       = {http://doi.ieeecomputersociety.org/10.1109/DATE.2002.998262},
  doi       = {10.1109/DATE.2002.998262},
  timestamp = {Wed, 26 Oct 2011 12:00:27 +0200},
  biburl    = {http://dblp.uni-trier.de/rec/bib/conf/date/GoldbergN02},
  bibsource = {dblp computer science bibliography, http://dblp.org}
}
@proceedings{DBLP:conf/date/2002,
  title     = {2002 Design, Automation and Test in Europe Conference and Exposition
               {(DATE} 2002), 4-8 March 2002, Paris, France},
  publisher = {{IEEE} Computer Society},
  year      = {2002},
  isbn      = {0-7695-1471-5},
  timestamp = {Mon, 01 Sep 2003 13:31:15 +0200},
  biburl    = {http://dblp.uni-trier.de/rec/bib/conf/date/2002},
  bibsource = {dblp computer science bibliography, http://dblp.org}
}





% a little confusing, long reference separate to two parts found.

@inproceedings{gu1996algorithms,
  title={Algorithms for the Satisfiability (SAT) Problem: A Survey},
  author={Gu, Jun and Purdom, Paul W and Franco, John and Wah, Benjamin W},
  booktitle={DIMACS Series in Discrete Mathematics and Theoretical Computer Science},
  year={1996}
}
@article{du1997satisfiability,
  title={Satisfiability problem: theory and applications: DIMACS Workshop, March 11-13, 1996},
  author={Du, Dingzhu and Gu, Jun and Pardalos, Panos M},
  year={1997},
  publisher={American Mathematical Soc.}
}
